@misc{MultiAge33:online,
  author       = {},
  title        = {Multi-Agent Systems Laboratory},
  howpublished = {\url{http://mas.cs.tsukuba.ac.jp/}},
  month        = {},
  year         = {},
  note         = {(Accessed on 01/08/2021)}
}